
@misc{Xgboost,
    author    = "Tianqi Chen",
    title     = "XGBoost: A Scalable Tree Boosting System",
    url       = "https://dl.acm.org/doi/10.1145/2939672.2939785"
}

@misc{Xgboost,
    author    = "Tianqi Chen",
    title     = "XGBoost: A Scalable Tree Boosting System",
    url       = "https://dl.acm.org/doi/10.1145/2939672.2939785"
}

@misc{Xgboost,
    author    = "Tianqi Chen",
    title     = "XGBoost: A Scalable Tree Boosting System",
    url       = "https://dl.acm.org/doi/10.1145/2939672.2939785"
}

@misc{Xgboost,
    author    = "Tianqi Chen",
    title     = "XGBoost: A Scalable Tree Boosting System",
    url       = "https://dl.acm.org/doi/10.1145/2939672.2939785"
}

@misc{Xgboost,
    author    = "Tianqi Chen",
    title     = "XGBoost: A Scalable Tree Boosting System",
    url       = "https://dl.acm.org/doi/10.1145/2939672.2939785"
}

@misc{Xgboost,
    author    = "Tianqi Chen",
    title     = "XGBoost: A Scalable Tree Boosting System",
    url       = "https://dl.acm.org/doi/10.1145/2939672.2939785"
}

@misc{Xgboost,
    author    = "Tianqi Chen",
    title     = "XGBoost: A Scalable Tree Boosting System",
    url       = "https://dl.acm.org/doi/10.1145/2939672.2939785"
}

@misc{Xgboost,
    author    = "Tianqi Chen",
    title     = "XGBoost: A Scalable Tree Boosting System",
    url       = "https://dl.acm.org/doi/10.1145/2939672.2939785"
}

@misc{Xgboost,
    author    = "Tianqi Chen",
    title     = "XGBoost: A Scalable Tree Boosting System",
    url       = "https://dl.acm.org/doi/10.1145/2939672.2939785"
}

@misc{Xgboost,
    author    = "Tianqi Chen",
    title     = "XGBoost: A Scalable Tree Boosting System",
    url       = "https://dl.acm.org/doi/10.1145/2939672.2939785"
}

@misc{Xgboost,
    author    = "Tianqi Chen",
    title     = "XGBoost: A Scalable Tree Boosting System",
    url       = "https://dl.acm.org/doi/10.1145/2939672.2939785"
}

@misc{Xgboost,
    author    = "Tianqi Chen",
    title     = "XGBoost: A Scalable Tree Boosting System",
    url       = "https://dl.acm.org/doi/10.1145/2939672.2939785"
}

@misc{Xgboost,
    author    = "Tianqi Chen",
    title     = "XGBoost: A Scalable Tree Boosting System",
    url       = "https://dl.acm.org/doi/10.1145/2939672.2939785"
}

@misc{Xgboost,
    author    = "Tianqi Chen",
    title     = "XGBoost: A Scalable Tree Boosting System",
    url       = "https://dl.acm.org/doi/10.1145/2939672.2939785"
}

@misc{Xgboost,
    author    = "Tianqi Chen",
    title     = "XGBoost: A Scalable Tree Boosting System",
    url       = "https://dl.acm.org/doi/10.1145/2939672.2939785"
}

@misc{Xgboost,
    author    = "Tianqi Chen",
    title     = "XGBoost: A Scalable Tree Boosting System",
    url       = "https://dl.acm.org/doi/10.1145/2939672.2939785"
}

@misc{Xgboost,
    author    = "Tianqi Chen",
    title     = "XGBoost: A Scalable Tree Boosting System",
    url       = "https://dl.acm.org/doi/10.1145/2939672.2939785"
}

@misc{Xgboost,
    author    = "Tianqi Chen",
    title     = "XGBoost: A Scalable Tree Boosting System",
    url       = "https://dl.acm.org/doi/10.1145/2939672.2939785"
}