
@inproceedings{smith2017cyclical,
  title={Cyclical learning rates for training neural networks},
  author={Smith, Leslie N},
  booktitle={2017 IEEE Winter Conference on Applications of Computer Vision (WACV)},
  pages={464--472},
  year={2017},
  organization={IEEE}
}


@inproceedings{sutskever2014sequence,
  title={Sequence to sequence learning with neural networks},
  author={Sutskever, Ilya and Vinyals, Oriol and Le, Quoc V},
  booktitle={Advances in neural information processing systems},
  pages={3104--3112},
  year={2014}
}

@article{hinton2012improving,
  title={Improving neural networks by preventing co-adaptation of feature detectors},
  author={Hinton, Geoffrey E and Srivastava, Nitish and Krizhevsky, Alex and Sutskever, Ilya and Salakhutdinov, Ruslan R},
  journal={arXiv preprint arXiv:1207.0580},
  year={2012}
}

@article{paszke2017automatic,
  title={Automatic differentiation in pytorch},
  author={Paszke, Adam and Gross, Sam and Chintala, Soumith and Chanan, Gregory and Yang, Edward and DeVito, Zachary and Lin, Zeming and Desmaison, Alban and Antiga, Luca and Lerer, Adam},
  year={2017}
}

@article{guo2016entity,
  title={Entity embeddings of categorical variables},
  author={Guo, Cheng and Berkhahn, Felix},
  journal={arXiv preprint arXiv:1604.06737},
  year={2016}
}

@article{bengio2015rmsprop,
  title={Rmsprop and equilibrated adaptive learning rates for nonconvex optimization},
  author={Bengio, Yoshua and CA, MONTREAL},
  journal={corr abs/1502.04390},
  year={2015}
}

@inproceedings{zaheer2018adaptive,
  title={Adaptive methods for nonconvex optimization},
  author={Zaheer, Manzil and Reddi, Sashank and Sachan, Devendra and Kale, Satyen and Kumar, Sanjiv},
  booktitle={Advances in neural information processing systems},
  pages={9793--9803},
  year={2018}
}

@article{izmailov2018averaging,
  title={Averaging weights leads to wider optima and better generalization},
  author={Izmailov, Pavel and Podoprikhin, Dmitrii and Garipov, Timur and Vetrov, Dmitry and Wilson, Andrew Gordon},
  journal={arXiv preprint arXiv:1803.05407},
  year={2018}
}


@inproceedings{lipton2014optimal,
  title={Optimal thresholding of classifiers to maximize F1 measure},
  author={Lipton, Zachary C and Elkan, Charles and Naryanaswamy, Balakrishnan},
  booktitle={Joint European Conference on Machine Learning and Knowledge Discovery in Databases},
  pages={225--239},
  year={2014},
  organization={Springer}
}

@inproceedings{lea2016temporal,
  title={Temporal convolutional networks: A unified approach to action segmentation},
  author={Lea, Colin and Vidal, Rene and Reiter, Austin and Hager, Gregory D},
  booktitle={European Conference on Computer Vision},
  pages={47--54},
  year={2016},
  organization={Springer}
}


@inproceedings{fawaz2019deep,
  title={Deep neural network ensembles for time series classification},
  author={Fawaz, Hassan Ismail and Forestier, Germain and Weber, Jonathan and Idoumghar, Lhassane and Muller, Pierre-Alain},
  booktitle={2019 International Joint Conference on Neural Networks (IJCNN)},
  pages={1--6},
  year={2019},
  organization={IEEE}
}

@inproceedings{choudhury2019machine,
  title={A Machine Learning Approach to Identify Potential Customer Based on Purchase Behavior},
  author={Choudhury, Adil Mahmud and Nur, Kamruddin},
  booktitle={2019 International Conference on Robotics, Electrical and Signal Processing Techniques (ICREST)},
  pages={242--247},
  year={2019},
  organization={IEEE}
}


@article{buckland1994relationship,
  title={The relationship between recall and precision},
  author={Buckland, Michael and Gey, Fredric},
  journal={Journal of the American society for information science},
  volume={45},
  number={1},
  pages={12--19},
  year={1994},
  publisher={Wiley Online Library}
}

@inproceedings{yosinski2014transferable,
  title={How transferable are features in deep neural networks?},
  author={Yosinski, Jason and Clune, Jeff and Bengio, Yoshua and Lipson, Hod},
  booktitle={Advances in neural information processing systems},
  pages={3320--3328},
  year={2014}
}

@article{ruder2016overview,
  title={An overview of gradient descent optimization algorithms},
  author={Ruder, Sebastian},
  journal={arXiv preprint arXiv:1609.04747},
  year={2016}
}