@misc{attackers,
	Author = {Infosecurity},
	Date-Added = {2015-02-24},
	Howpublished = {\url{http://www.infosecurity-magazine.com/news/hackers-spend-over-200-days-inside/}},
	Title = {Hackers Spend 200+ Days Inside Systems Before Discovery}
}

@misc{phrack,
	Author = {Phrack},
	Date-Added = {2015-02-24},
	Howpublished = {\url{hhttp://phrack.org/issues/55/9.html#article}},
	Title = {Distributed Information Gathering}
}

@article{de1999review,
  title={A review of port scanning techniques},
  author={De Vivo, Marco and Carrasco, Eddy and Isern, Germinal and de Vivo, Gabriela O},
  journal={ACM SIGCOMM Computer Communication Review},
  volume={29},
  number={2},
  pages={41--48},
  year={1999},
  publisher={ACM}
}

@inproceedings{luckie2008traceroute,
  title={Traceroute probe method and forward IP path inference},
  author={Luckie, Matthew and Hyun, Young and Huffaker, Bradley},
  booktitle={Proceedings of the 8th ACM SIGCOMM conference on Internet measurement},
  pages={311--324},
  year={2008},
  organization={ACM}
}

@inproceedings{templeton2003detecting,
  title={Detecting spoofed packets},
  author={Templeton, Steven J and Levitt, Karl E},
  booktitle={DARPA Information Survivability Conference and Exposition, 2003. Proceedings},
  volume={1},
  pages={164--175},
  year={2003},
  organization={IEEE}
}

@inproceedings{allman2007brief,
  title={A brief history of scanning},
  author={Allman, Mark and Paxson, Vern and Terrell, Jeff},
  booktitle={Proceedings of the 7th ACM SIGCOMM conference on Internet measurement},
  pages={77--82},
  year={2007},
  organization={ACM}
}

@inproceedings{song2013network,
  title={Network Iron Curtain: Hide Enterprise Networks with OpenFlow},
  author={Song, YongJoo and Shin, Seungwon and Choi, Yongjin},
  booktitle={International Workshop on Information Security Applications},
  pages={218--230},
  year={2013},
  organization={Springer}
}

@article{shaikh2008network,
  title={Network reconnaissance},
  author={Shaikh, Siraj A and Chivers, Howard and Nobles, Philip and Clark, John A and Chen, Hao},
  journal={Network Security},
  volume={2008},
  number={11},
  pages={12--16},
  year={2008},
  publisher={Elsevier}
}

@inproceedings{xiaobing2001detection,
  title={Detection and protection against network scanning: IEDP},
  author={Xiaobing, Guo and Depei, Qian and Min, Liu and Ran, Zhang and Bin, Xu},
  booktitle={Computer Networks and Mobile Computing, 2001. Proceedings. 2001 International Conference on},
  pages={487--493},
  year={2001},
  organization={IEEE}
}

@inproceedings{barnett2008towards,
  title={Towards a taxonomy of network scanning techniques},
  author={Barnett, Richard J and Irwin, Barry},
  booktitle={Proceedings of the 2008 annual research conference of the South African Institute of Computer Scientists and Information Technologists on IT research in developing countries: riding the wave of technology},
  pages={1--7},
  year={2008},
  organization={ACM}
}

@book{lyon2009nmap,
  title={Nmap network scanning: The official Nmap project guide to network discovery and security scanning},
  author={Lyon, Gordon Fyodor},
  year={2009},
  publisher={Insecure}
}

@article{anbar2013investigating,
  title={Investigating Study on Network Scanning Techniques},
  author={Anbar, Mohammed and Manasrah, Ahmed and Ramadass, Sureswaran and Altaher, Altyeb and Aljmmal, Ashraf and Almomani, Ammar},
  journal={International Journal of Digital Content Technology and its Applications},
  volume={7},
  number={9},
  pages={312},
  year={2013},
  publisher={Advanced Institutes of Convergence Information Technology}
}

@inproceedings{casado2007ethane,
	Author = {Casado, Martin and Freedman, Michael J and Pettit, Justin and Luo, Jianying and McKeown, Nick and Shenker, Scott},
	Booktitle = {ACM SIGCOMM Computer Communication Review},
	Date-Modified = {2016-11-11 19:14:59 +0000},
	Month = {Aug},
	Pages = {1--12},
	Title = {Ethane: taking control of the enterprise},
	Volume = {37},
	Year = {2007}}

@misc{poxWiki,
	Author = {Open Networking Lab},
	Howpublished = {\url{https://openflow.stanford.edu/display/ONL/POX+Wiki}},
	Note = {[Online; accessed 10-November-2016]},
	Title = {Pox Controller Wiki},
	Year = {2015}}

@misc{specification2015v151,
	Author = {Open Networking Foundation},
	Howpublished = {\url{https://www.opennetworking.org/images/stories/downloads/sdn-resources/onf-specifications/openflow/openflow-switch-v1.5.1.pdf}},
	Note = {[Online; accessed 10-November-2016]},
	Pages = {1--283},
	Title = {OpenFlow Switch Specification, Version 1.5.1},
	Year = {2015}}

@inproceedings{feamster2013road,
	Author = {Feamster, Nick and Rexford, Jennifer and Zegura, Ellen},
	Booktitle = {ACM SIGCOMM Computer Communication Review},
	Date-Modified = {2016-11-11 14:27:31 +0000},
	Month = {Apr},
	Pages = {87-98},
	Publisher = {ACM},
	Title = {The road to SDN: an intellectual history of programmable networks},
	Volume = {44(2)},
	Year = {2014}}

@inproceedings{dpm+15,
  title={SPHINX: Detecting Security Attacks in Software-Defined Networks.},
  author={Dhawan, Mohan and Poddar, Rishabh and Mahajan, Kshiteej and Mann, Vijay},
  booktitle={NDSS},
  year={2015}
}

@inproceedings{hxw+15,
  title={Poisoning Network Visibility in Software-Defined Networks: New Attacks and Countermeasures.},
  author={Hong, Sungmin and Xu, Lei and Wang, Haopei and Gu, Guofei},
  booktitle={NDSS},
  year={2015}
}

@inproceedings{shin13avant,
	Address = {New York, NY, USA},
	Author = {Shin, Seungwon and Yegneswaran, Vinod and Porras, Phillip and Gu, Guofei},
	Booktitle = {ACM SIGSAC Conference on Computer \& Communications Security},
	Location = {Berlin, Germany},
	Month = {Nov},
	Numpages = {12},
	Pages = {413--424},
	Publisher = {ACM},
	Series = {CCS '13},
	Title = {AVANT-GUARD: Scalable and Vigilant Switch Flow Management in Software-defined Networks},
	Year = {2013}}


